<?xml version="1.0" encoding="UTF-8"?><collection xmlns="http://www.loc.gov/MARC21/slim"><record><leader>00354nam--2200121-i-4500</leader><controlfield tag="001">000010342</controlfield><controlfield tag="002">20161230</controlfield><controlfield tag="005">20161230201028</controlfield><controlfield tag="008">060222s1000------------r-----000-0-eng-d</controlfield><datafield ind1=" " ind2=" " tag="245"><subfield code="a">Determination of organic structures by physical methods</subfield></datafield><datafield ind1=" " ind2=" " tag="260"><subfield code="a">New York, Academmic Press, 1955, 1962, 1971</subfield></datafield><datafield ind1=" " ind2=" " tag="490"><subfield code="a">Xiii+381p</subfield></datafield><datafield ind1=" " ind2=" " tag="700"><subfield code="a">Nachod, F.C.And Zuckerman, J.J</subfield></datafield></record></collection>